@article{berlyne1970novelty,
  title={Novelty, complexity, and hedonic value},
  author={Berlyne, Daniel E},
  journal={Attention, Perception, \& Psychophysics},
  volume={8},
  number={5},
  pages={279--286},
  year={1970},
  publisher={Springer}
}


@article{hargreaves1984effects,
  title={The effects of repetition on liking for music},
  author={Hargreaves, David J},
  journal={Journal of research in Music Education},
  volume={32},
  number={1},
  pages={35--47},
  year={1984},
  publisher={SAGE Publications Sage CA: Los Angeles, CA}
}


@article{sluckin1980liking,
  title={Liking words as a function of the experienced frequency of their occurrence},
  author={Sluckin, Wladyslaw and Colman, Andrew M and Hargreaves, David J},
  journal={British Journal of Psychology},
  volume={71},
  number={1},
  pages={163--169},
  year={1980},
  publisher={Wiley Online Library}
}

@article{manovich2007comes,
  title={What comes after remix},
  author={Manovich, Lev},
  journal={Remix Theory},
  volume={10},
  pages={2013},
  year={2007}
}



@book{gottschall2012storytelling,
  title={The storytelling animal: How stories make us human},
  author={Gottschall, Jonathan},
  year={2012},
  publisher={Houghton Mifflin Harcourt}
}

@book{campbell2008hero,
  title={The hero with a thousand faces},
  author={Campbell, Joseph},
  volume={17},
  year={2008},
  publisher={New World Library}
}


@article{levi1955structural,
  title={The structural study of myth},
  author={L{\'e}vi-Strauss, Claude},
  journal={The journal of American folklore},
  volume={68},
  number={270},
  pages={428--444},
  year={1955},
  publisher={JSTOR}
}


@book{van2011mahabharata,
  title={The Mahabharata, volume 1: Book 1: The book of the beginning},
  author={van Buitenen, Johannes AB},
  year={2011},
  publisher={University of Chicago Press}
}


@online{marvelmultiverse,
  author = {Marvel Database},
  title = {Multiverse/Universe Listing},
  year = 2017,
  url = {http://marvel.wikia.com/wiki/Multiverse/Universe_Listing},
  urldate = {2017-11-02}
}

@book{doyle2007new,
  title={The New Annotated Sherlock Holmes: The Complete Short Stories: The Adventures of Sherlock Holmes and The Memoirs of Sherlock Holmes (Non-slipcased edition)(Vol. 1)(The Annotated Books)},
  author={Doyle, Arthur Conan},
  year={2007},
  publisher={WW Norton \& Company}
}

@online{spiderman,
  author = {Wikipedia},
  title = {Spider-Man in film},
  year = 2017,
  url = {https://en.wikipedia.org/wiki/Spider-Man_in_film},
  urldate = {2017-11-02}
}

@online{2016film,
  author = {Wikipedia},
  title = {2016 in film},
  year = 2017,
  url = {https://en.wikipedia.org/wiki/2016_in_film},
  urldate = {2017-11-02}
}


@online{ao3stats,
  author = {Archive of Our Own},
  title = {Archive of Our Own},
  year = 2017,
  url = {http://archiveofourown.org/},
  urldate = {2017-11-03}
}

@online{fanfiction.net,
  author = {Wikipedia},
  title = {FanFiction.Net},
  year = 2017,
  url = {https://en.wikipedia.org/wiki/FanFiction.Net},
  urldate = {2017-11-03}
}


@article{thomas2011fanfiction,
  title={What is fanfiction and why are people saying such nice things about it?},
  author={Thomas, Bronwen},
  journal={Storyworlds: A Journal of Narrative Studies},
  volume={3},
  number={1},
  pages={1--24},
  year={2011},
  publisher={University of Nebraska Press}
}

@article{black2006language,
  title={Language, culture, and identity in online fanfiction},
  author={Black, Rebecca W},
  journal={E-learning and Digital Media},
  volume={3},
  number={2},
  pages={170--184},
  year={2006},
  publisher={SAGE Publications Sage UK: London, England}
}


@article{tosenberger2008homosexuality,
  title={Homosexuality at the online Hogwarts: Harry Potter slash fanfiction},
  author={Tosenberger, Catherine},
  journal={Children's Literature},
  volume={36},
  number={1},
  pages={185--207},
  year={2008},
  publisher={The Johns Hopkins University Press}
}

@article {LIT:LIT12061,
author = {Magnifico, Alecia Marie and Curwood, Jen Scott and Lammers, Jayne C.},
title = {Words on the screen: broadening analyses of interactions among fanfiction writers and reviewers},
journal = {Literacy},
volume = {49},
number = {3},
issn = {1741-4369},
url = {http://dx.doi.org/10.1111/lit.12061},
doi = {10.1111/lit.12061},
pages = {158--166},
keywords = {fanfiction, writing, audience, digital media, writing pedagogy, peer review},
year = {2015},
note = {LIT-OA-2015-003.R1},
}


@article{hills2015expertise,
  title={The expertise of digital fandom as a ‘community of practice’ Exploring the narrative universe of Doctor Who},
  author={Hills, Matt},
  journal={Convergence},
  volume={21},
  number={3},
  pages={360--374},
  year={2015},
  publisher={SAGE Publications Sage UK: London, England}
}

@misc{ wiki:fandom,
   author = "Wikipedia",
   title = "Fandom--- {W}ikipedia{,} The Free Encyclopedia",
   year = "2015",
   url = "https://en.wikipedia.org/wiki/Fandom",
   note = "[Online; accessed 14-December-2015]"
 }
 
 
@misc{ wiki:transf_work,
   author = "Fanlore",
   title = "Transformative Work",
   year = "2015",
   url = "http://fanlore.org/wiki/Transformative_Work",
   note = "[Online; accessed 14-December-2015]"
 }
     

 @article{gales1995good,
  title={Good-Turing smoothing without tears},
  author={Gales, William A},
  journal={Journal of Quantitative Linguistics},
  year={1995}
}

@misc{littlered,
  title = {{Little Red Riding Hood},
  howpublished = {\url{ https://en.wikipedia.org/wiki/Little_Red_Riding_Hood}},
  note = {Accessed: 2017-06-11}
}}


@article{zhaopredicting,
  title={Predicting Popularity of Fanfiction Stories Based on Title and Summary},
  author={Zhao, Aojia}
}

@article{yung2013market,
  title={Market Transformation in Transformative Works: The Effects of Introducing Incentives in Markets for Fanfiction},
  author={Yung, Hannah},
  year={2013}
}

@article{elgammal2015quantifying,
  title={Quantifying creativity in art networks},
  author={Elgammal, Ahmed and Saleh, Babak},
  journal={arXiv preprint arXiv:1506.00711},
  year={2015}
}

@article{wang2013quantifying,
  title={Quantifying long-term scientific impact},
  author={Wang, Dashun and Song, Chaoming and Barab{\'a}si, Albert-L{\'a}szl{\'o}},
  journal={Science},
  volume={342},
  number={6154},
  pages={127--132},
  year={2013},
  publisher={American Association for the Advancement of Science}
}


@ARTICLE{2017arXiv170704239I,
   author = {{Iacopini}, I. and {Milojevi{\'c}}, S. and {Latora}, V.},
    title = "{Network dynamics of innovation processes}",
  journal = {ArXiv e-prints},
archivePrefix = "arXiv",
   eprint = {1707.04239},
 primaryClass = "physics.soc-ph",
 keywords = {Physics - Physics and Society, Computer Science - Social and Information Networks, 05C82, 62-07},
     year = 2017,
    month = jul,
   adsurl = {http://adsabs.harvard.edu/abs/2017arXiv170704239I},
  adsnote = {Provided by the SAO/NASA Astrophysics Data System}
}

@article{sreenivasan2013quantitative,
  title={Quantitative analysis of the evolution of novelty in cinema through crowdsourced keywords},
  author={Sreenivasan, Sameet},
  journal={Scientific reports},
  volume={3},
  year={2013},
  publisher={Nature Publishing Group}
}

@book{jurafsky2000speech,
  title={Speech \& language processing},
  author={Jurafsky, Dan},
  year={2000},
  publisher={Pearson Education India}
}

@inproceedings{Ponte:1998:LMA:290941.291008,
 author = {Ponte, Jay M. and Croft, W. Bruce},
 title = {A Language Modeling Approach to Information Retrieval},
 booktitle = {Proceedings of the 21st Annual International ACM SIGIR Conference on Research and Development in Information Retrieval},
 series = {SIGIR '98},
 year = {1998},
 isbn = {1-58113-015-5},
 location = {Melbourne, Australia},
 pages = {275--281},
 numpages = {7},
 url = {http://doi.acm.org/10.1145/290941.291008},
 doi = {10.1145/290941.291008},
 acmid = {291008},
 publisher = {ACM},
 address = {New York, NY, USA},
} 

@inproceedings{singhal2017pivoted,
  title={Pivoted document length normalization},
  author={Singhal, Amit and Buckley, Chris and Mitra, Manclar},
  booktitle={ACM SIGIR Forum},
  volume={51},
  number={2},
  pages={176--184},
  year={2017},
  organization={ACM}
}

@article{blei2003latent,
  title={Latent dirichlet allocation},
  author={Blei, David M and Ng, Andrew Y and Jordan, Michael I},
  journal={Journal of machine Learning research},
  volume={3},
  number={Jan},
  pages={993--1022},
  year={2003}
}



@online{gensimlda,
  author = {Radim Řehůřek},
  title = {models.ldamodel – Latent Dirichlet Allocation},
  year = 2018,
  url = {https://radimrehurek.com/gensim/models/ldamodel.html},
  urldate = {2018-01-09}
}


@online{marvelmultiverse,
  author = {Marvel Database},
  title = {Multiverse/Universe Listing},
  year = 2017,
  url = {http://marvel.wikia.com/wiki/Multiverse/Universe_Listing},
  urldate = {2017-11-02}
}


@online{creativeindustries,
  author = {Bureau of Economic Analysis},
  title = {Spending on Arts and Cultural Production Continues to Increase},
  year = 2015,
  url = {https://www.bea.gov/newsreleases/general/acpsa/acpsa0115.pdf},
  urldate = {2018-05-14}
}

@article{hutter2011infinite,
  title={Infinite surprises: on the stabilization of value in the creative industries},
  author={Hutter, Michael},
  journal={The worth of goods. Valuation and pricing in the economy},
  pages={201--220},
  year={2011},
  publisher={Oxford-New York: Oxford University Press}
}

@article{zajonc1968attitudinal,
  title={Attitudinal effects of mere exposure.},
  author={Zajonc, Robert B},
  journal={Journal of personality and social psychology},
  volume={9},
  number={2p2},
  pages={1},
  year={1968},
  publisher={American Psychological Association}
}

@article{kunst1980affective,
  title={Affective discrimination of stimuli that cannot be recognized},
  author={Kunst-Wilson, William R and Zajonc, Robert B},
  journal={Science},
  volume={207},
  number={4430},
  pages={557--558},
  year={1980},
  publisher={American Association for the Advancement of Science}
}

@article{huron2013psychological,
  title={A psychological approach to musical form: The habituation-fluency theory of repetition},
  author={Huron, David},
  journal={Current Musicology},
  number={96},
  pages={7},
  year={2013},
  publisher={Columbia University, Department of Music}
}


@online{2017film,
  author = {Wikipedia},
  title = {2017 in film},
  year = 2017,
  url = {https://en.wikipedia.org/wiki/2017_in_film},
  urldate = {2018-05-14  }
}

@article{askin2017makes,
  title={What makes popular culture popular? product features and optimal differentiation in music},
  author={Askin, Noah and Mauskapf, Michael},
  journal={American Sociological Review},
  volume={82},
  number={5},
  pages={910--944},
  year={2017},
  publisher={SAGE Publications Sage CA: Los Angeles, CA}
}

@article{sorensen2007bestseller,
  title={Bestseller lists and product variety},
  author={Sorensen, Alan T},
  journal={The journal of industrial economics},
  volume={55},
  number={4},
  pages={715--738},
  year={2007},
  publisher={Wiley Online Library}
}

@article{salganik2008leading,
  title={Leading the herd astray: An experimental study of self-fulfilling prophecies in an artificial cultural market},
  author={Salganik, Matthew J and Watts, Duncan J},
  journal={Social psychology quarterly},
  volume={71},
  number={4},
  pages={338--355},
  year={2008},
  publisher={SAGE Publications Sage CA: Los Angeles, CA}
}

@article{bornstein1989exposure,
  title={Exposure and affect: overview and meta-analysis of research, 1968--1987.},
  author={Bornstein, Robert F},
  journal={Psychological bulletin},
  volume={106},
  number={2},
  pages={265},
  year={1989},
  publisher={American Psychological Association}
}

@article{de2015game,
  title={Game changer: The topology of creativity},
  author={De Vaan, Mathijs and Stark, David and Vedres, Balazs},
  journal={American Journal of Sociology},
  volume={120},
  number={4},
  pages={1144--1194},
  year={2015},
  publisher={University of Chicago Press Chicago, IL}
}

@article{turney2010frequency,
  title={From frequency to meaning: Vector space models of semantics},
  author={Turney, Peter D and Pantel, Patrick},
  journal={Journal of artificial intelligence research},
  volume={37},
  pages={141--188},
  year={2010}
}

@article{thompson2014shazam,
  title={The Shazam Effect},
  author={Thompson, Derek},
  journal={The Atlantic, December issue. http://www. theatlantic. com/magazine/archive/2014/12/the-shazam-effect/382237},
  year={2014}
}

@book{thompson2017hit,
  title={Hit makers: The science of popularity in an age of distraction},
  author={Thompson, Derek},
  year={2017},
  publisher={Penguin}
}

@book{wood2006generalized,
  title={Generalized additive models: an introduction with R},
  author={Wood, Simon N},
  year={2006},
  publisher={Chapman and Hall/CRC}
}

@inproceedings{seabold2010statsmodels,
  title={Statsmodels: Econometric and statistical modeling with python},
  author={Seabold, Skipper and Perktold, Josef},
  booktitle={9th Python in Science Conference},
  year={2010},
}

@misc{pygam,
  author       = {Daniel Serven and
                  Charlie Brummitt},
  title        = {pyGAM: Generalized Additive Models in Python},
  month        = mar,
  year         = 2018,
  doi          = {10.5281/zenodo.1208723},
  url          = {https://doi.org/10.5281/zenodo.1208723}
}