@MISC{Chambers_unsupervisedlearning,
    author = {Nathanael Chambers and Dan Jurafsky},
    title = {Unsupervised Learning of Narrative Event Chains},
    year = {2008}
}

@inproceedings{Kriplean:2007:CCC:1316624.1316648,
 author = {Kriplean, Travis and Beschastnikh, Ivan and McDonald, David W. and Golder, Scott A.},
 title = {Community, Consensus, Coercion, Control: Cs*W or How Policy Mediates Mass Participation},
 booktitle = {Proceedings of the 2007 International ACM Conference on Supporting Group Work},
 series = {GROUP '07},
 year = {2007},
 isbn = {978-1-59593-845-9},
 location = {Sanibel Island, Florida, USA},
 pages = {167--176},
 numpages = {10},
 url = {http://doi.acm.org/10.1145/1316624.1316648},
 doi = {10.1145/1316624.1316648},
 acmid = {1316648},
 publisher = {ACM},
 address = {New York, NY, USA},
 keywords = {collaborative authoring, community, policy, power, wikipedia},
} 

@misc{ wiki:fandom,
   author = "Wikipedia",
   title = "Fandom--- {W}ikipedia{,} The Free Encyclopedia",
   year = "2015",
   url = "https://en.wikipedia.org/wiki/Fandom",
   note = "[Online; accessed 14-December-2015]"
 }
 
 
@misc{ wiki:transf_work,
   author = "Fanlore",
   title = "Transformative Work",
   year = "2015",
   url = "http://fanlore.org/wiki/Transformative_Work",
   note = "[Online; accessed 14-December-2015]"
 }
     
@misc{ wiki:sherlock,
   author = "Wikipedia",
   title = "Sherlock(TV series)--- {W}ikipedia{,} The Free Encyclopedia",
   year = "2015",
   url = "https://en.wikipedia.org/wiki/Sherlock_(TV_series)",
   note = "[Online; accessed 14-December-2015]"
 }
 
 @phdthesis{finlayson2012learning,
  title={Learning narrative structure from annotated folktales},
  author={Finlayson, Mark Mark Alan},
  year={2012},
  school={Massachusetts Institute of Technology}
}

@article{mikolov2013efficient,
  title={Efficient estimation of word representations in vector space},
  author={Mikolov, Tomas and Chen, Kai and Corrado, Greg and Dean, Jeffrey},
  journal={arXiv preprint arXiv:1301.3781},
  year={2013}
}


@article{10.1371/journal.pone.0026752,
    author = {Dodds, Peter Sheridan AND Harris, Kameron Decker AND Kloumann, Isabel M. AND Bliss, Catherine A. AND Danforth, Christopher M.},
    journal = {PLoS ONE},
    publisher = {Public Library of Science},
    title = {Temporal Patterns of Happiness and Information in a Global Social Network: Hedonometrics and Twitter},
    year = {2011},
    month = {12},
    volume = {6},
    url = {http://dx.doi.org/10.1371%2Fjournal.pone.0026752},
    pages = {e26752},
    number = {12},
    doi = {10.1371/journal.pone.0026752}
}      

@misc{ wiki:fleisskappa,
   author = "Wikipedia",
   title = "Fleiss' kappa--- {W}ikipedia{,} The Free Encyclopedia",
   year = "2015",
   url = "https://en.wikipedia.org/wiki/Fleiss%27_kappa",
   note = "[Online; accessed 14-December-2015]"
 }  
 
 @inproceedings{noah2013learning,
  title={Learning latent personas of film characters},
  author={Noah, David Bamman Brendan Oâ€™Connor and Smith, A},
  year={2013},
  organization={ACL}
}

@inproceedings{elsner2012character,
  title={Character-based kernels for novelistic plot structure},
  author={Elsner, Micha},
  booktitle={Proceedings of the 13th Conference of the European Chapter of the Association for Computational Linguistics},
  pages={634--644},
  year={2012},
  organization={Association for Computational Linguistics}
}

@inproceedings{chambers2009unsupervised,
  title={Unsupervised learning of narrative schemas and their participants},
  author={Chambers, Nathanael and Jurafsky, Dan},
  booktitle={Proceedings of the Joint Conference of the 47th Annual Meeting of the ACL and the 4th International Joint Conference on Natural Language Processing of the AFNLP: Volume 2-Volume 2},
  pages={602--610},
  year={2009},
  organization={Association for Computational Linguistics}
}
