
@misc{ wiki:fandom,
   author = "Wikipedia",
   title = "Fandom--- {W}ikipedia{,} The Free Encyclopedia",
   year = "2015",
   url = "https://en.wikipedia.org/wiki/Fandom",
   note = "[Online; accessed 14-December-2015]"
 }
 
 
@misc{ wiki:transf_work,
   author = "Fanlore",
   title = "Transformative Work",
   year = "2015",
   url = "http://fanlore.org/wiki/Transformative_Work",
   note = "[Online; accessed 14-December-2015]"
 }
     

 @article{gales1995good,
  title={Good-Turing smoothing without tears},
  author={Gales, William A},
  journal={Journal of Quantitative Linguistics},
  year={1995}
}

@misc{littlered,
  title = {{Little Red Riding Hood},
  howpublished = {\url{ https://en.wikipedia.org/wiki/Little_Red_Riding_Hood}},
  note = {Accessed: 2017-06-11}
}}

